@misc{wiki:greediAlgo,
  author = {{Greedy algorithm}},
  title = "Greedy algorithm --- {W}ikipedia{,} The Free Encyclopedia",
  year = "2010",
  url = "https://en.wikipedia.org/wiki/Greedy_algorithm",
  note = "[Online; accessed 03-December-2020]"
}